@article{bafna1999,
  title={A 2-approximation algorithm for the undirected feedback vertex set problem},
  author={Bafna, Vineet and Berman, Piotr and Fujito, Toshihiro},
  journal={SIAM Journal on Discrete Mathematics},
  volume={12},
  number={3},
  pages={289--297},
  year={1999},
  publisher={SIAM}
}

@article{chen2008,
  title={Improved algorithms for feedback vertex set problems},
  author={Chen, Jianer and Fomin, Fedor V and Liu, Yang and Lu, Songjian and Villanger, Yngve},
  journal={Journal of Computer and System Sciences},
  volume={74},
  number={7},
  pages={1188--1198},
  year={2008},
  publisher={Elsevier}
}

@article{DBLP:journals/corr/abs-1004-1672,
  author    = {Yixin Cao and
               Jianer Chen and
               Yang Liu},
  title     = {On Feedback Vertex Set, New Measure and New Structures},
  journal   = {CoRR},
  volume    = {abs/1004.1672},
  year      = {2010},
  url       = {http://arxiv.org/abs/1004.1672},
  timestamp = {Fri, 08 Jul 2016 07:22:52 +0200},
  biburl    = {http://dblp.uni-trier.de/rec/bib/journals/corr/abs-1004-1672},
  bibsource = {dblp computer science bibliography, http://dblp.org}
}

@article{Cheung:2014:AAL:2620785.2601066,
 author = {Cheung, Ho Yee and Lau, Lap Chi and Leung, Kai Man},
 title = {Algebraic Algorithms for Linear Matroid Parity Problems},
 journal = {ACM Trans. Algorithms},
 issue_date = {June 2014},
 volume = {10},
 number = {3},
 month = may,
 year = {2014},
 issn = {1549-6325},
 pages = {10:1--10:26},
 articleno = {10},
 numpages = {26},
 url = {http://doi.acm.org/10.1145/2601066},
 doi = {10.1145/2601066},
 acmid = {2601066},
 publisher = {ACM},
 address = {New York, NY, USA},
 keywords = {Matroid parity},
} 



